@article{nie2010solving,
  title={Solving the dynamic user optimal assignment problem considering queue spillback},
  author={Nie, Yu Marco and Zhang, H Michael},
  journal={Networks and Spatial Economics},
  volume={10},
  number={1},
  pages={49--71},
  year={2010},
  publisher={Springer}
}

